@article{DBLP:journals/ijait/AudemardS18,
  author    = {Gilles Audemard and
               Laurent Simon},
  title     = {On the Glucose {SAT} Solver},
  journal   = {International Journal on Artificial Intelligence Tools},
  volume    = {27},
  number    = {1},
  pages     = {1840001:1--1840001:25},
  year      = {2018}
}

@article{DBLP:journals/ai/SharonSGF13,
  author    = {Guni Sharon and
               Roni Stern and
               Meir Goldenberg and
               Ariel Felner},
  title     = {The increasing cost tree search for optimal multi-agent pathfinding},
  journal   = {Artif. Intell.},
  volume    = {195},
  pages     = {470--495},
  year      = {2013}
}

@inproceedings{DBLP:conf/ijcai/KautzS99,
  author    = {Henry A. Kautz and
               Bart Selman},
  editor    = {Thomas Dean},
  title     = {Unifying SAT-based and Graph-based Planning},
  booktitle = {Proceedings of the Sixteenth International Joint Conference on Artificial
               Intelligence, {IJCAI} 99, Stockholm, Sweden, July 31 - August 6, 1999.
               2 Volumes, 1450 pages},
  pages     = {318--325},
  publisher = {Morgan Kaufmann},
  year      = {1999}
}

@inproceedings{DBLP:conf/ecai/KautzS92,
  author    = {Henry A. Kautz and
               Bart Selman},
  editor    = {Bernd Neumann},
  title     = {Planning as Satisfiability},
  booktitle = {10th European Conference on Artificial Intelligence, {ECAI} 92, Vienna,
               Austria, August 3-7, 1992. Proceedings},
  pages     = {359--363},
  publisher = {John Wiley and Sons},
  year      = {1992}
}

@inproceedings{DBLP:conf/socs/Surynek19,
  author    = {Pavel Surynek},
  title     = {Multi-Agent Path Finding with Continuous Time and Geometric Agents
               Viewed through Satisfiability Modulo Theories {(SMT)}},
  booktitle = {Proceedings of the Twelfth International Symposium on Combinatorial
               Search, {SOCS} 2019, Napa, California, 16-17 July 2019},
  pages     = {200--201},
  publisher = {{AAAI} Press},
  year      = {2019}
}

@inproceedings{surynek14compact,
  author    = {Pavel Surynek},
  title     = {Compact Representations of Cooperative Path-Finding as {SAT} Based on Matchings in Bipartite Graphs},
  booktitle = {26th {IEEE} International Conference on Tools with Artificial Intelligence,
               {ICTAI} 2014, Limassol, Cyprus, November 10-12, 2014},
  pages     = {875--882},
  publisher = {{IEEE} Computer Society},
  year      = {2014}
}

@article{surynek17expansion,
  author    = {Pavel Surynek},
  title     = {Time-expanded graph-based propositional encodings for makespan-optimal
               solving of cooperative path finding problems},
  journal   = {Ann. Math. Artif. Intell.},
  volume    = {81},
  number    = {3-4},
  pages     = {329--375},
  year      = {2017}
}

@inproceedings{surynekFSB16comparison,
  author    = {Pavel Surynek and
               Ariel Felner and
               Roni Stern and
               Eli Boyarski},
  editor    = {Jorge A. Baier and
               Adi Botea},
  title     = {An Empirical Comparison of the Hardness of Multi-Agent Path Finding under the Makespan and the Sum of Costs Objectives},
  booktitle = {Proceedings of the Ninth Annual Symposium on Combinatorial Search,
               {SOCS} 2016},
  pages     = {145--147},
  publisher = {{AAAI} Press},
  year      = {2016}
}

@inproceedings{andreychuk2019multi,
  title={Multi-agent pathfinding with continuous time},
  author={Andreychuk, Anton and Yakovlev, Konstantin and Atzmon, Dor and Stern, Roni},
  booktitle={International Joint Conference on Artificial Intelligence (IJCAI)},
  pages={39--45},
  year={2019}
}

@inproceedings{nebel2020computational,
    title={On the Computational Complexity of Multi-Agent Pathfinding on Directed Graphs},
    author={Bernhard Nebel},
    year={2020},
    booktitle={Accepted to the International Conference on Automated Planning and Scheduling (ICAPS)}
}


@inproceedings{yakovlev2020revisiting,
    title={Revisiting Bounded-Suboptimal Safe Interval Path Planning},
    author={Konstantin Yakovlev, Anton Andreychuk and Roni Stern},
    year={2020},
    booktitle={Accepted to the International Conference on Automated Planning and Scheduling (ICAPS)}
}


@inproceedings{DBLP:conf/ijcai/Surynek19,
  author    = {Pavel Surynek},
  title     = {Unifying Search-based and Compilation-based Approaches to Multi-agent
               Path Finding through Satisfiability Modulo Theories},
  booktitle = {Proceedings of the Twenty-Eighth International Joint Conference on
               Artificial Intelligence, {IJCAI} 2019},
  pages     = {1177--1183},
  year      = {2019},
  publisher = {ijcai.org}
}

@inproceedings{DBLP:conf/ecai/SurynekFSB16,
  author    = {Pavel Surynek and
               Ariel Felner and
               Roni Stern and
               Eli Boyarski},
  title     = {Efficient {SAT} Approach to Multi-Agent Path Finding Under the Sum
               of Costs Objective},
  booktitle = {European Conference on Artificial Intelligence (ECAI)},
  pages     = {810--818},
  year      = {2016},
  volume    = {285},
  year      = {2016}
}


@article{DBLP:journals/jacm/NieuwenhuisOT06,
  author    = {Robert Nieuwenhuis and
               Albert Oliveras and
               Cesare Tinelli},
  title     = {Solving {SAT} and {SAT} Modulo Theories: From an abstract Davis--Putnam--Logemann--Loveland
               procedure to DPLL(\emph{T})},
  journal   = {J. {ACM}},
  volume    = {53},
  number    = {6},
  pages     = {937--977},
  year      = {2006},
  url       = {https://doi.org/10.1145/1217856.1217859},
  doi       = {10.1145/1217856.1217859},
  timestamp = {Tue, 06 Nov 2018 12:51:45 +0100},
  biburl    = {https://dblp.org/rec/bib/journals/jacm/NieuwenhuisOT06},
  bibsource = {dblp computer science bibliography, https://dblp.org}
}

@article{DBLP:journals/constraints/BofillPSV12,
  author    = {Miquel Bofill and
               Miquel Palah{\'{\i}} and
               Josep Suy and
               Mateu Villaret},
  title     = {Solving constraint satisfaction problems with {SAT} modulo theories},
  journal   = {Constraints},
  volume    = {17},
  number    = {3},
  pages     = {273--303},
  year      = {2012}
}

@inproceedings{DBLP:conf/cp/Nieuwenhuis10,
  author    = {Robert Nieuwenhuis},
  title     = {{SAT} Modulo Theories: Getting the Best of {SAT} and Global Constraint
               Filtering},
  booktitle = {Principles and Practice of Constraint Programming - {CP} 2010 - 16th
               International Conference, {CP} 2010, Proceedings},
  pages     = {1--2},
  year      = {2010}  
}

@inproceedings{ma2019lifelong,
	author = {Hang Ma and Wolfgang H\"{o}nig and T. K. S. Kumar and N. Ayanian and Sven Koenig},
	title = {Lifelong Path Planning with Kinematic Constraints for Multi-Agent Pickup and Delivery},
	booktitle = {{AAAI} Conference on Artificial Intelligence},
	year = 2019
}

@article{tang2014fast,
  title={Fast and exact continuous collision detection with bernstein sign classification},
  author={Tang, Min and Tong, Ruofeng and Wang, Zhendong and Manocha, Dinesh},
  journal={ACM Transactions on Graphics (TOG)},
  volume={33},
  number={6},
  pages={186},
  year={2014}
}

@article{jimenez20013d,
  title={3D collision detection: a survey},
  author={Jim{\'e}nez, Pablo and Thomas, Federico and Torras, Carme},
  journal={Computers \& Graphics},
  volume={25},
  number={2},
  pages={269--285},
  year={2001}
}

@inproceedings{LiuAAMAS19,
	author = {M. Liu and H. Ma and J. Li and S. Koenig},
	title = {Task and Path Planning for Multi-Agent Pickup and Delivery},
	booktitle = {International Conference on Autonomous Agents and Multiagent Systems},
	year = 2019
}

@inproceedings{sturtevant2006improving,
  title={Improving Collaborative Pathfinding Using Map Abstraction},
  author={Sturtevant, Nathan R and Buro, Michael},
  booktitle={AIIDE},
  pages={80--85},
  year={2006}
}

@inproceedings{walker2017using,
  title={Using hierarchical constraints to avoid conflicts in multi-agent pathfinding},
  author={Walker, Thayne T and Chan, David and Sturtevant, Nathan R},
  booktitle={International Conference on Automated Planning and Scheduling (ICAPS)},
  year={2017}
}

@inproceedings{li2019multi,
  title={Multi-Agent Path Finding for Large Agents},
  booktitle={AAAI},
  author={Li, Jiaoyang and Surynek, Pavel and Felner, Ariel and Ma, Hang},
  year={2019}
}

@article{wurman2008coordinating,
  title={Coordinating hundreds of cooperative, autonomous vehicles in warehouses},
  author={Wurman, Peter R and D'Andrea, Raffaello and Mountz, Mick},
  journal={AI magazine},
  volume={29},
  number={1},
  pages={9},
  year={2008}
}

@inproceedings{veloso2015cobots,
  title={CoBots: Robust Symbiotic Autonomous Mobile Service Robots.},
  author={Veloso, Manuela M and Biswas, Joydeep and Coltin, Brian and Rosenthal, Stephanie},
  booktitle={IJCAI},
  pages={4423},
  year={2015}
}

@inproceedings{ma2017feasibility,
  author    = {Hang Ma and
               Jingxing Yang and
               Liron Cohen and
               T. K. Satish Kumar and
               Sven Koenig},
  title     = {Feasibility Study: Moving Non-Homogeneous Teams in Congested Video
               Game Environments},
  booktitle = {Conference on Artificial Intelligence
               and Interactive Digital Entertainment (AIIDE)},
  pages     = {270--272},
  year      = {2017}
}

@inproceedings{morris2016planning,
  title={Planning, Scheduling and Monitoring for Airport Surface Operations.},
  author={Morris, Robert and Pasareanu, Corina S and Luckow, Kasper S{\o}e and Malik, Waqar and Ma, Hang and Kumar, TK Satish and Koenig, Sven},
  booktitle={AAAI Workshop: Planning for Hybrid Systems},
  year={2016}
}


@inproceedings{atzmon2018robust, 
  author    = {Dor Atzmon and
               Ariel Felner and
               Roni Stern and
               Glenn Wagner and
               Roman Bart{\'{a}}k and
               Neng{-}Fa Zhou},
  title     = {Robust Multi-Agent Path Finding and Executing},
  booktitle = {Journal of Artificial Intelligence Research (JAIR)},
  year      = {2020}
}



@inproceedings{phillips2011sipp,
  title={Sipp: Safe interval path planning for dynamic environments},
  author={Phillips, Mike and Likhachev, Maxim},
  booktitle={IEEE International Conference on Robotics and Automation (ICRA)},
  pages={5628--5635},
  year={2011},
}
  %volume    = {195},
  %pages     = {470-495}

@inproceedings{kornhauser1984coordinating,
  title={Coordinating Pebble Motion On Graphs, The Diameter Of Permutation Groups, And Applications},
  author={D. Kornhauser and G. Miller and P. Spirakis},
  booktitle={Symposium on Foundations of Computer Science},
  pages={241--250},
  year={1984},
  organization={IEEE}
}

@inproceedings{surynek2010optimization,
  title={An Optimization Variant of Multi-Robot Path Planning Is Intractable.},
  author={Surynek, Pavel},
  booktitle={AAAI},
  pages={1--3},
  year={2010}
}

@inproceedings{yu2013multi,
  author    = {Jingjin Yu and
               Steven M. LaValle},
  title     = {Multi-agent Path Planning and Network Flow},
  booktitle = {Workshop on the Algorithmic Foundations of Robotics ({WAFR})},
  pages     = {157--173},
  year      = {2012}
}

@inproceedings{yu2013structure,
  author    = {Jingjin Yu and
               Steven M. LaValle},
  title     = {Structure and Intractability of Optimal Multi-Robot Path
               Planning on Graphs},
  booktitle = {AAAI},
  year      = {2013},
}


@inproceedings{ICTAIpicat,
  title={Modeling and Solving the Multi-agent Pathfinding Problem in Picat},
  author={Bart{\'a}k, Roman and Zhou, Neng-Fa and Stern, Roni and Boyarski, Eli and Surynek, Pavel},
  booktitle={International Conference on Tools with Artificial Intelligence (ICTAI)},
  year	= {2017}
}
%  pages = {959--966},

@inproceedings{felner2018adding,
  title={Adding Heuristics to Conflict-Based Search for Multi-Agent Path Finding},
  booktitle={ICAPS},
  author={Felner, Ariel and Li, Jiaoyang and Boyarski, Eli and Ma, Hang and Cohen, Liron and Kumar, TK Satish and Koenig, Sven},
  year={2018}
}

@inproceedings{standley2010finding,
  title={Finding Optimal Solutions to Cooperative Pathfinding Problems.},
  author={Standley, Trevor Scott},
  booktitle={AAAI},
  year={2010}
}

%  volume={1},
 % pages={28--29},

@article{sharon2013increasing,
  title={The increasing cost tree search for optimal multi-agent pathfinding},
  author={Sharon, Guni and Stern, Roni and Goldenberg, Meir and Felner, Ariel},
  journal={Artificial Intelligence},
  year={2013}
}
%  volume={195},
%  pages={470--495},

@article{wagner2015subdimensional,
  title={Subdimensional expansion for multirobot path planning},
  author={Wagner, Glenn and Choset, Howie},
  journal={Artificial Intelligence},
  volume={219},
  pages={1--24},
  year={2015}
}

@inproceedings{van2005prioritized,
  title={Prioritized motion planning for multiple robots},
  author={Van Den Berg, Jur P and Overmars, Mark H},
  booktitle={IEEE/RSJ International Conference on Intelligent Robots and Systems (IROS)},
  pages={430--435},
  year={2005}
}

@article{solovey2014k,
  title={k-Color multi-robot motion planning},
  author={Solovey, Kiril and Halperin, Dan},
  journal={The International Journal of Robotics Research},
  volume={33},
  number={1},
  pages={82--97},
  year={2014}
}


@inproceedings{godoy2015adaptive,
  title={Adaptive learning for multi-agent navigation},
  author={Godoy, Julio E and Karamouzas, Ioannis and Guy, Stephen J and Gini, Maria},
  booktitle={the International Conference on Autonomous Agents and Multiagent Systems ({AAMAS})},
  pages={1577--1585},
  year={2015}
}

@inproceedings{dobson2017scalable,
  title={Scalable asymptotically-optimal multi-robot motion planning},
  author={Dobson, Andrew and Solovey, Kiril and Shome, Rahul and Halperin, Dan and Bekris, Kostas E},
  booktitle={International Symposium on Multi-Robot and Multi-Agent Systems (MRS)},
  year={2017}
}
%  pages={120--127},


@inproceedings{honig2016multi,
  title={Multi-Agent Path Finding with Kinematic Constraints},
  author={H{\"o}nig, Wolfgang and Kumar, TK Satish and Cohen, Liron and Ma, Hang and Xu, Hong and Ayanian, Nora and Koenig, Sven},
  booktitle={ICAPS},
  pages={477--485},
  year={2016}
}

@inproceedings{honig2017summary,
  title={Summary: multi-agent path finding with kinematic constraints},
  author={H{\"o}nig, Wolfgang and Kumar, TK and Cohen, Liron and Ma, Hang and Xu, Hong and Ayanian, Nora and Koenig, Sven},
  booktitle={International Joint Conference on Artificial Intelligence ({IJCAI})},
  pages={4869--4873},
  year={2017}
}

@inproceedings{boyrasky2015don,
  title={Don't Split, Try To Work It Out: Bypassing Conflicts in Multi-Agent Pathfinding.},
  author={Boyraski, Eli and Felner, Ariel and Sharon, Guni and Stern, Roni},
  booktitle={ICAPS},
  pages={47--51},
  year={2015}
}

@inproceedings{boyarski2015icbs,
  title={{ICBS}: The improved conflict-based search algorithm for multi-agent pathfinding},
  author={Boyarski, Eli and Felner, Ariel and Stern, Roni and Sharon, Guni and Betzalel, Oded and Tolpin, David and Shimony, Eyal},
  booktitle={International Joint Conference on Artificial Intelligence (IJCAI)},
  pages={740--746},
  year={2015}
}

@inproceedings{andreychuk2018twoTechniques,
  author    = {Anton Andreychuk and
               Konstantin Yakovlev},
  title     = {Two Techniques That Enhance the Performance of Multi-robot Prioritized
               Path Planning},
  booktitle = {International Conference on Autonomous Agents and MultiAgent Systems ({AAMAS})},
  pages     = {2177--2179},
  year      = {2018}
}

@inproceedings{yakovlev2017anyAngle,
  author    = {Konstantin Yakovlev and
               Anton Andreychuk},
  title     = {Any-Angle Pathfinding for Multiple Agents Based on {SIPP} Algorithm},
  booktitle = {International Conference on Automated Planning and Scheduling ({ICAPS})},
  pages     = {586},
  year      = {2017}
}


@inproceedings{walker2018extended,
  title={Extended Increasing Cost Tree Search for Non-Unit Cost Domains.},
  author={Walker, Thayne T and Sturtevant, Nathan R and Felner, Ariel},
  booktitle={IJCAI},
  pages={534--540},
  year={2018}
}
@article{sharon2015conflict,
  title={Conflict-based search for optimal multi-agent pathfinding},
  author={Sharon, Guni and Stern, Roni and Felner, Ariel and Sturtevant, Nathan R},
  journal={Artificial Intelligence},
  volume={219},
  pages={40--66},
  year={2015}
}
@article{sturtevant2012benchmarks,
  title={Benchmarks for grid-based pathfinding},
  author={Sturtevant, Nathan R},
  journal={IEEE Transactions on Computational Intelligence and AI in Games},
  volume={4},
  number={2},
  pages={144--148},
  year={2012}
}


@inproceedings{rivera2017grid,
  title={Grid Pathfinding on the 2k Neighborhoods.},
  author={Rivera, Nicol{\'a}s and Hern{\'a}ndez, Carlos and Baier, Jorge A},
  booktitle={AAAI},
  pages={891--897},
  year={2017}
}

@inproceedings{ma2017multiAgent,
    title={Multi-Agent Path Finding with Delay Probabilities},
    author={H. Ma and S. Kumar and S. Koenig},
    booktitle={AAAI},
    year={2017}
}


@article{nebel2000compilability,
    title={On the compilability and expressive power of propositional planning formalisms},
    author={Nebel, Bernhard},
    journal={Journal of Artificial Intelligence Research},
    volume={12},
    pages={271--315},
    year={2000}
}

@inproceedings{muise2012improved,
    title={Improved Non-Deterministic Planning by Exploiting State Relevance.},
    author={Muise, Christian J and McIlraith, Sheila A and Beck, J Christopher},
    booktitle={ICAPS},
    year={2012}
}

@inproceedings{daniele1999strong,
    title={Strong cyclic planning revisited},
    author={Daniele, Marco and Traverso, Paolo and Vardi, Moshe Y},
    booktitle={European Conference on Planning},
    pages={35--48},
    year={1999},
    organization={Springer}
}


@inproceedings{kissmann2009solving,
  title={Solving fully-observable non-deterministic planning problems via translation into a general game},
  author={Kissmann, Peter and Edelkamp, Stefan},
  booktitle={Annual Conference on Artificial Intelligence},
  pages={1--8},
  year={2009},
  organization={Springer}
}

@article{cimatti2003weak,
  title={Weak, strong, and strong cyclic planning via symbolic model checking},
  author={Cimatti, Alessandro and Pistore, Marco and Roveri, Marco and Traverso, Paolo},
  journal={Artificial Intelligence},
  volume={147},
  number={1},
  pages={35--84},
  year={2003},
  publisher={Elsevier}
}

@article{hoffmann2006conformant,
  title={Conformant planning via heuristic forward search: A new approach},
  author={Hoffmann, J{\"o}rg and Brafman, Ronen I},
  journal={Artificial Intelligence},
  volume={170},
  number={6},
  pages={507--541},
  year={2006},
  publisher={Elsevier}
}


@article{cavalcanti2007nanorobot,
    title={Nanorobot architecture for medical target identification},
    author={Cavalcanti, Adriano and Shirinzadeh, Bijan and Freitas Jr, Robert A and Hogg, Tad},
    journal={Nanotechnology},
    volume={19},
    number={1},
    pages={015103},
    year={2007}
}

@article{palacios2009compiling,
  title={Compiling uncertainty away in conformant planning problems with bounded width},
  author={Palacios, Hector and Geffner, Hector},
  journal={Journal of Artificial Intelligence Research},
  volume={35},
  pages={623--675},
  year={2009}
}

@article{jimenez2012review,
  title={A review of machine learning for automated planning},
  author={Jim{\'e}nez, Sergio and De La Rosa, Tom{\'a}s and Fern{\'a}ndez, Susana and Fern{\'a}ndez, Fernando and Borrajo, Daniel},
  journal={The Knowledge Engineering Review},
  volume={27},
  number={4},
  pages={433--467},
  year={2012}
}

@inproceedings{walsh2008efficientLearning,
 author = {Walsh, Thomas J. and Littman, Michael L.},
 title = {Efficient Learning of Action Schemas and Web-service Descriptions},
 booktitle = {the National Conference on Artificial Intelligence (AAAI)},
 year = {2008},
 pages = {714--719}
}

@article{jimenez2013integrating,
  title={Integrating planning, execution, and learning to improve plan execution},
  author={Jim{\'e}nez, Sergio and Fern{\'a}ndez, Fernando and Borrajo, Daniel},
  journal={Computational Intelligence},
  volume={29},
  number={1},
  pages={1--36},
  year={2013},
  publisher={Wiley Online Library}
}

@inproceedings{levine2006explanation,
  title={Explanation-Based Acquisition of Planning Operators.},
  author={Levine, Geoffrey and DeJong, Gerald},
  booktitle={ICAPS},
  pages={152--161},
  year={2006}
}

@inproceedings{wang1994learning,
  author    = {Xuemei Wang},
  title     = {Learning Planning Operators by Observation and Practice},
  booktitle = {the International Conference on Artificial Intelligence Planning Systems (AIPS)},
  pages     = {335--340},
  year      = {1994}
}

@article{veloso1995integrating,
  title={Integrating planning and learning: The PRODIGY architecture},
  author={Veloso, Manuela and Carbonell, Jaime and Perez, Alicia and Borrajo, Daniel and Fink, Eugene and Blythe, Jim},
  journal={Journal of Experimental \& Theoretical Artificial Intelligence},
  volume={7},
  number={1},
  pages={81--120},
  year={1995}
}

@inproceedings{wang1995learning,
  title={Learning by observation and practice: An incremental approach for planning operator acquisition},
  author={Wang, Xuemei},
  booktitle={ICML},
  pages={549--557},
  year={1995}
}

@article{konidaris2014constructing,
  title={Constructing symbolic representations for high-level planning},
  author={Konidaris, George and Kaelbling, Leslie Pack and Lozano-Perez, Tomas},
  year={2014},
  publisher={Association for the Advancement of Artificial Intelligence (AAAI)}
}

@inproceedings{mourao2012learning,
  title={Learning STRIPS operators from noisy and incomplete observations},
  author={Mour{\~{a}}o, Kira and Zettlemoyer, Luke S and Petrick, Ronald and Steedman, Mark},
  booktitle={UAI},
  pages={614--623},
  year={2012}
}


@TECHREPORT{mcdermott1998pddl,
  AUTHOR =        {McDermott, Drew and Ghallab, Malik and Howe, Adele and Knoblock, Craig and Ram, Ashwin and Veloso, Manuela and Weld, Daniel and Wilkins, David},
  TITLE =         {{PDDL}-the planning domain definition language},
  YEAR  =         {1998},
  institution = {AIPS '98 - The Planning Competition Committee}
}


@article{fikes1971strips,
  title={{STRIPS}: A new approach to the application of theorem proving to problem solving},
  author={Fikes, Richard E and Nilsson, Nils J},
  journal={Artificial intelligence},
  volume={2},
  number={3-4},
  pages={189--208},
  year={1971},
  publisher={Elsevier}
}

@inproceedings{GILON2016,
  author    = {D. Gilon and
               A. Felner and
               R. Stern},
  title     = {Dynamic Potential Search - {A} New Bounded Suboptimal Search},
  booktitle = {Symposium on Combinatorial Search ({SOCS})},
  pages     = {36--44},
  year      = {2016}
}



@inproceedings{BurnsHLR12,
  author    = {Ethan Andrew Burns and
               Matthew Hatem and
               Michael J. Leighton and
               Wheeler Ruml},
  title     = {Implementing Fast Heuristic Search Code},
  booktitle = {SoCS},
  year      = {2012}
}



@inproceedings{MMAAAI16,
  author    = {Robert  C. Holte and  Ariel Felner and  Guni Sharon and   Nathan R. Sturtevant},
  title     = {Bidirectional Search That Is Guaranteed to Meet in the Middle},
  booktitle = {Proceedings of the {AAAI} Conference on Artificial Intelligence},
  year      = {2016}
}

@article{lelis2016predicting,
  title={Predicting optimal solution costs with bidirectional stratified sampling in regular search spaces},
  author={Lelis, Levi HS and Stern, Roni and Arfaee, Shahab Jabbari and Zilles, Sandra and Felner, Ariel and Holte, Robert C},
  journal={Artificial Intelligence},
  volume={230},
  pages={51--73},
  year={2016},
  publisher={Elsevier}
}

@article{lelis2014predicting,
  title={Predicting optimal solution cost with conditional probabilities},
  author={Lelis, Levi HS and Stern, Roni and Felner, Ariel and Zilles, Sandra and Holte, Robert C},
  journal={Annals of Mathematics and Artificial Intelligence},
  volume={72},
  number={3-4},
  pages={267--295},
  year={2014},
  publisher={Springer}
}


@article{Lippi,
  title={Optimally solving permutation sorting problems with efficient partial expansion bidirectional heuristic search},
  author={M. Lippi and M. Ernandes and  Ariel Felner},
  journal={Artificial Intelligence Communication},
  year={2016},
  publisher={To appear}
}

@book{ghallab2004automated,
  title={Automated planning: theory \& practice},
  author={Ghallab, Malik and Nau, Dana and Traverso, Paolo},
  year={2004},
  publisher={Elsevier}
}


@inproceedings{helmert2010landmark,
  title={Landmark heuristics for the pancake problem},
  author={Helmert, Malte},
  booktitle={Third Annual Symposium on Combinatorial Search (SoCS)},
  year={2010}
}


@book{russell1995artificial,
  title={Artificial intelligence: a modern approach},
  author={Russell, Stuart and Norvig, Peter},
  publisher={Prentice Hall},
    year={1995}
}

@inproceedings{valenzano2013using,
  title={Using Alternative Suboptimality Bounds in Heuristic Search.},
  author={Valenzano, Richard Anthony and Arfaee, Shahab Jabbari and Thayer, Jordan Tyler and Stern, Roni and Sturtevant, Nathan R},
  booktitle={ICAPS},
  year={2013}
}


@article{EbendtD09,
  author    = {R{\"{u}}diger Ebendt and
               Rolf Drechsler},
  title     = {Weighted {A}* search - unifying view and application},
  journal   = {Artif. Intell.},
  volume    = {173},
  number    = {14},
  pages     = {1310--1342},
  year      = {2009}
}



@inproceedings{wilt2014speedy,
  title={Speedy versus greedy search},
  author={Wilt, Christopher Makoto and Ruml, Wheeler},
  booktitle={Seventh Annual Symposium on Combinatorial Search},
  year={2014}
}


@inproceedings{Ruml10,
  author    = {Wheeler Ruml},
  title     = {The Logic of Benchmarking: {A} Case Against State-of-the-Art Performance},
  booktitle = {Proceedings of the Third Annual Symposium on Combinatorial Search,
               {SOCS} 2010, Stone Mountain, Atlanta, Georgia, USA, July 8-10, 2010},
  year      = {2010},
}


@incollection{ai4games,
  author={Vadim Bulitko and Yngvi Bj{\"o}rnsson and Nathan R. Sturtevant and Ramon Lawrence},
  title={Real-Time Heuristic Search for Pathfinding in Video Games},
  booktitle={Applied Research in Artificial Intelligence for Computer Games},
  publisher={Springer},
  year={2011},
}

@article{JAIRPDB,
   author="A. Felner and R. E. Korf and S. Hanan",
       title="Additive pattern database heuristics",
       journal="JAIR",
       volume= 22,
       pages="279--318",
       year = 2004
   }


@inproceedings{richter2010joy,
  title={The Joy of Forgetting: Faster Anytime Search via Restarting.},
  author={Richter, Silvia and Thayer, Jordan Tyler and Ruml, Wheeler},
  booktitle={ICAPS},
  pages={137--144},
  year={2010}
}


@inproceedings{incon2007,
  author    = {U. Zahavi and
               A. Felner and
               J. Schaeffer and
               N. Sturtevant},
  title     = {Inconsistent Heuristics},
  booktitle = {AAAI},
  pages     = {1211--1216},
  year      = {2007}
}



@TECHREPORT{SUPP,
  AUTHOR =        {Anonymous},
  TITLE =         {Technical Report: Different trends for {WA*}},
  year      = {2014},
  note  =        {Available at \url{https://drive.google.com/file/d/0B0Q22P-_lFBWZ04tcGJPYTFMSmM/view?usp=sharing}},
}



@inproceedings{ValenzanoSS14,
  author    = {Richard Anthony Valenzano and
               Nathan R. Sturtevant and
               Jonathan Schaeffer},
  title     = {Worst-Case Solution Quality Analysis When Not Re-Expanding Nodes in
               Best-First Search},
  booktitle = {AAAI},
  pages     = {885--892},
  year      = {2014}
}

@article{hartNR68Astar,
  author    = {Peter E. Hart and
               Nils J. Nilsson and
               Bertram Raphael},
  title     = {A Formal Basis for the Heuristic Determination of Minimum
               Cost Paths},
  journal   = {IEEE Transactions on Systems Science and Cybernetics},
  volume = {SSC-4(2)},
  year      = {1968},
  pages     = {100--107},
}
@article{Pohl70HeuristicSearchPathFinding,
  author    = {Ira Pohl},
  title     = {Heuristic Search Viewed as Path Finding in a Graph},
  journal   = {Artificial Intelligence},
  volume = 1,
  number = {3-4},
  pages = {193--204},
  year      = {1970},
}

@inproceedings{Korf1992LinearSpaceBestFirstSearch,
    author    = {Richard E. Korf},
    title     = {Linear-Space Best-First Search: Summary of Results},
    booktitle = {Proceedings of the tenth national conference on Artificial intelligence},
    series = {AAAI'92},
    year      = {1992},
    pages = {533--538},
}

@article{HansenZ07AnytimeHeuristicSearch,
  author    = {Eric A. Hansen and
               Rong Zhou},
  title     = {Anytime Heuristic Search},
  journal   = {Journal of Artificial Intelligence Research (JAIR)},
  volume = {28},
  pages = {267--297},
  year = {2007},
}

@inproceedings{ThayerR08FasterThanWAstar,
  author    = {Jordan Tyler Thayer and
               Wheeler Ruml},
  title     = {Faster than Weighted {A}*: An Optimistic Approach to Bounded
               Suboptimal Search},
  booktitle = {ICAPS},
  year      = {2008},
}
@article{ebendt09WAS,
 author = {Ebendt, R\"{u}diger and Drechsler, Rolf},
 title = {Weighted {A}* search -- unifying view and application},
 journal = {Artif. Intell.},
 publisher = {Elsevier Science Publishers Ltd.},
 address = {Essex, UK},
 volume = {173},
 number = {14},
 pages = {1310--1342},
 year      = {2009},
}



@inproceedings{likhachevGT03AnytimeRepairingAstar,
  author = {Likhachev, Maxim and Gordon, Geoffrey J. and Thrun, Sebastian},
  title = {{ARA}*: Anytime {A}* with Provable Bounds on Sub-Optimality.},
  booktitle = {NIPS},
  year = 2004
}

@conference{ThayerRuml2011SurveySuboptimalSearch,
    author    = {Thayer, Jordan Tyler and Ruml, Wheeler},
    title     = {A Survey of Suboptimal Search Algorithms, a tutorial given at the Twenty-first International Conference on Automated Planning and Scheduling},
    booktitle = {ICAPS-11},
    month     = {June},
    year      = {2011},
}

@inproceedings{MalimaAsifMPA2007,
     author = {Malima, Asanterabi and Sabanovic, Asif},
     title = {Motion planning and assembly for microassembly workstation},
     booktitle = {ISCO},
     pages = {467--474},
     year = {2007},
}

@article{PearlKimSAH1982,
    author = {Pearl, Judea and Kim, Jin H.},
    journal = {IEEE Trans. Pattern Anal. Mach. Intell.},
    title = {Studies in Semi-Admissible Heuristics.},
    number = 4,
    pages = {392--399},
    volume = 4,
    year = 1982
}

@inproceedings{Pohl1973ACH,
    author = {Pohl, Ira},
    title = {The avoidance of (relative) catastrophe, heuristic competence, genuine dynamic weighting and computational issues in heuristic problem solving},
    booktitle = {IJCAI},
    year = {1973},
    pages = {12--17},
}

@inproceedings{SturtevantFBSN2009,
 author = {Sturtevant, Nathan and
           Felner, Ariel and
           Barrer, Max and
           Schaeffer, Jonathan and
           Burch, Neil},
 title = {Memory-based Heuristics for Explicit State Spaces},
 booktitle = {IJCAI},
 year = {2009},
}

@article{FelnerZHSSZ11,
  author    = {Ariel Felner and
               Uzi Zahavi and
               Robert Holte and
               Jonathan Schaeffer and
               Nathan R. Sturtevant and
               Zhifu Zhang},
  title     = {Inconsistent heuristics in theory and practice},
  journal   = {Artif. Intell.},
  volume    = {175},
  number    = {9--10},
  year      = {2011},
  pages     = {1570-1603},
}

@inproceedings{DistanceEstimatesThayerRuml2009,
  author    = {Jordan Tyler Thayer and
               Wheeler Ruml},
  title     = {Using Distance Estimates in Heuristic Search},
  booktitle = {ICAPS},
  year      = {2009},
}

@article{DBLP:journals/jair/HansenZ07,
  author    = {Eric A. Hansen and
               Rong Zhou},
  title     = {Anytime Heuristic Search},
  journal   = {J. Artif. Intell. Res. (JAIR)},
  volume    = {28},
  year      = {2007},
  pages     = {267-297}
}

@inproceedings{AnytimeThayerRuml2010,
  author    = {Jordan Thayer and
               Wheeler Ruml},
  title     = {Anytime Heuristic Search: Frameworks and Algorithms},
  booktitle = {SOCS},
  year      = {2010},
}


@inproceedings{WiltR12,
  author    = {Christopher Makoto Wilt and
               Wheeler Ruml},
  title     = {When Does Weighted {A}* Fail?},
  booktitle = {SOCS},
  year      = {2012}
}

@inproceedings{PotentialSearch2011,
  author    = {Roni Stern and
               Rami Puzis and
               Ariel Felner},
  title     = {Potential search: a bounded-cost search algorithm},
  booktitle = {ICAPS},
  year      = {2011},
}

@inproceedings{ThayerR11BoundedSuboptimalSearch,
  author    = {Jordan Tyler Thayer and
               Wheeler Ruml},
  title     = {Bounded Suboptimal Search: {A} Direct Approach Using Inadmissible
               Estimates},
  booktitle = {IJCAI},
  year      = {2011},
}

@book{NauG04AutomatedPlanning,
 author = {Nau, Dana and Ghallab, Malik and Traverso, Paolo},
 title = {Automated Planning: Theory \& Practice},
 year = {2004},
 publisher = {Morgan Kaufmann Publishers Inc.},
}

@inproceedings{ThayerSFR12,
  author    = {Jordan Tyler Thayer and
               Roni Stern and
               Ariel Felner and
               Wheeler Ruml},
  title     = {Faster Bounded-Cost Search Using Inadmissible Estimates},
  booktitle = {ICAPS},
  year      = {2012},
}

@article{SternFBPSG14,
  author    = {Roni Stern and
               Ariel Felner and
               Jur van den Berg and
               Rami Puzis and
               Rajat Shah and
               Ken Goldberg},
  title     = {Potential-based bounded-cost search and Anytime Non-Parametric \astar{}},
  journal   = {Artificial Intelligence},
  volume    = {214},
  pages     = {1--25},
  year      = {2014},
}

@inproceedings{ZahaviFSS07,
  author    = {Uzi Zahavi and
               Ariel Felner and
               Jonathan Schaeffer and
               Nathan R. Sturtevant},
  title     = {Inconsistent Heuristics},
  booktitle = {AAAI},
  pages     = {1211--1216},
  year      = {2007},
}

@article{vapnik1971,
  author = {V. Vapnik and A. Chervonenkis},
  title = {On the uniform convergence of relative frequencies of events to their probabilities},
  journal = {Theory of Probability and its Applications},
  volume = {16},
  number = {2},
  pages = {264--280},
  year = {1971}
}

@article{valiant1984,
 author = {Leslie G. Valiant},
 title = {A theory of the learnable},
 journal = {Communications of the ACM},
 volume = {18},
 number = {11},
 pages = {1134--1142},
 year = {1984}
}

@article{kearns2002,
 author = {Michael Kearns and Yishay Mansour and Andrew Ng},
 title = {A sparse sampling algorithm for near-optimal planning in large {M}arkov decision processes},
 journal = {Mach. Learn.},
 volume = {49},
 number = {2},
 pages = {193--208},
 year = {2002}
}

@article{CBSJUR,
  author    = {G. Sharon and
               R. Stern and
               A. Felner and
               N. R. Sturtevant},
  title     = {Conflict-based search for optimal multi-agent pathfinding},
  journal   = {Artif. Intell.},
  volume    = {219},
  pages     = {40--66},
  year      = {2015}
}

@inproceedings{ICBS,
  title={Improved Conflict-Based Search For Optimal Multi-Agent Path Finding},
  author={E. Boyarski and A. Felner and R. Stern and Guni Sharon and E. Shimony and O. Bezalel and D. Tolpin},
  booktitle={IJCAI},
  year={2015}
}

@inproceedings{felner2017searchBased,
  author    = {Ariel Felner and
               Roni Stern and
               Solomon Eyal Shimony and
               Eli Boyarski and
               Meir Goldenberg and
               Guni Sharon and
               Nathan R. Sturtevant and
               Glenn Wagner and
               Pavel Surynek},
  title     = {Search-Based Optimal Solvers for the Multi-Agent Pathfinding Problem:
               Summary and Challenges},
  booktitle = {the International Symposium on Combinatorial
               Search (SoCS)},
  pages     = {29--37},
  year      = {2017}
}

@incollection{guy2015,
  title={Guide to Anticipatory Collision Avoidance},
  author={Guy, Stephen J. and Karamouzas, Ioannis},
  editor={Rabin, Steven},
  booktitle={Game AI Pro 2: Collected Wisdom of Game AI Professionals},
  chapter={19},
  pages={195--208},
  year={2015}
}

@article{snape2011hybrid,
  title={The hybrid reciprocal velocity obstacle},
  author={Snape, Jamie and Van Den Berg, Jur and Guy, Stephen J and Manocha, Dinesh},
  journal={IEEE Transactions on Robotics},
  volume={27},
  number={4},
  pages={696--706},
  year={2011}
}

@article{godoy2018alan,
  title={ALAN: adaptive learning for multi-agent navigation},
  author={Godoy, Julio and Chen, Tiannan and Guy, Stephen J and Karamouzas, Ioannis and Gini, Maria},
  journal={Autonomous Robots},
  pages={1--20},
  year={2018}
}

@inproceedings{stern2019mapf,
  author    = {Roni Stern and
               Nathan R. Sturtevant and
               Ariel Felner and
               Sven Koenig and
               Hang Ma and
               Thayne T. Walker and
               Jiaoyang Li and
               Dor Atzmon and
               Liron Cohen and
               T. K. Satish Kumar and
               Roman Bart{\'{a}}k and
               Eli Boyarski},
  title     = {Multi-Agent Pathfinding: Definitions, Variants, and Benchmarks},
  booktitle = {International Symposium on Combinatorial
               Search ({SOCS})},
  pages     = {151--159},
  year      = {2019}
}



@inproceedings{cohen2019optimal,
  title={Optimal and Bounded-Suboptimal Multi-Agent Motion Planning},
  author={Cohen, Liron and Uras, Tansel and Kumar, TK Satish and Koenig, Sven},
  booktitle={Symposium on Combinatorial Search ({SoCS})},
  year={2019}
}

@inproceedings{narayanan2012anytime,
  title={Anytime safe interval path planning for dynamic environments},
  author={Narayanan, Venkatraman and Phillips, Mike and Likhachev, Maxim},
  booktitle={IEEE/RSJ International Conference on Intelligent Robots and Systems},
  pages={4708--4715},
  year={2012}
}


@inproceedings{gange2019lazy,
  title={{Lazy CBS}: Implicit conflict-based search using lazy clause generation},
  author={Gange, Graeme and Harabor, Daniel and Stuckey, Peter J},
  booktitle={International Conference on Automated Planning and Scheduling (ICAPS)},
  volume={29},
  number={1},
  pages={155--162},
  year={2019}
}

@inproceedings{lam2019branch,
  title={Branch-and-cut-and-price for multi-agent pathfinding},
  author={Lam, Edward and Le Bodic, Pierre and Harabor, Daniel and Stuckey, Peter J},
  booktitle={International Joint Conference on Artificial Intelligence (IJCAI)},
  pages={1289--1296},
  year={2019}
}

@inproceedings{surynek2019lazy,
  title={Lazy Compilation of Variants of Multi-robot Path Planning with Satisfiability Modulo Theory (SMT) Approach},
  author={Surynek, Pavel},
  booktitle={IEEE/RSJ International Conference on Intelligent Robots and Systems (IROS)},
  pages={3282--3287},
  year={2019}
}

@inproceedings{dobkin1990determining,
  title={Determining the separation of preprocessed polyhedra—a unified approach},
  author={Dobkin, David P and Kirkpatrick, David G},
  booktitle={International Colloquium on Automata, Languages, and Programming ({ICALP})},
  pages={400--413},
  year={1990},
  organization={Springer}
}

@inproceedings{gottschalk1996obbtree,
  title={OBBTree: A hierarchical structure for rapid interference detection},
  author={Gottschalk, Stefan and Lin, Ming C and Manocha, Dinesh},
  booktitle={Proceedings of the 23rd annual conference on Computer graphics and interactive techniques},
  pages={171--180},
  year={1996}
}

@misc{walker2019collision,
    title={Collision Detection for Agents in Multi-Agent Pathfinding},
    author={Thayne T. Walker and Nathan R. Sturtevant},
    year={2019},
    eprint={1908.09707},
    archivePrefix={arXiv},
    primaryClass={cs.RO}
}

@inproceedings{cameron1985study,
  title={A study of the clash detection problem in robotics},
  author={Cameron, Stephen},
  booktitle={IEEE International Conference on Robotics and Automation ({ICRA})},
  volume={2},
  pages={488--493},
  year={1985},
  organization={IEEE}
}

@inproceedings{vsvancara2019online,
  title={Online multi-agent pathfinding},
  author={{\v{S}}vancara, Ji{\v{r}}{\'\i} and Vlk, Marek and Stern, Roni and Atzmon, Dor and Bart{\'a}k, Roman},
  booktitle={AAAI Conference on Artificial Intelligence},
  volume={33},
  pages={7732--7739},
  year={2019}
}

@inproceedings{surynek2012towards,
  title={Towards optimal cooperative path planning in hard setups through satisfiability solving},
  author={Surynek, Pavel},
  booktitle={Pacific Rim International Conference on Artificial Intelligence (PRICAI},
  pages={564--576},
  year={2012}
}


@inproceedings{li2019improved,
  title={Improved heuristics for multi-agent path finding with conflict-based search},
  author={Li, Jiaoyang and Felner, Ariel and Boyarski, Eli and Ma, Hang and Koenig, Sven},
  booktitle={International Joint Conference on Artificial Intelligence (IJCAI)},
  pages={442--449},
  year={2019}
}

@INPROCEEDINGS{srinivasan1990algorithms,
author={A. {Srinivasan} and T. {Ham} and S. {Malik} and R. K. {Brayton}},
booktitle={IEEE International Conference on Computer-Aided Design},
title={Algorithms for discrete function manipulation},
year={1990},
pages={92-95}
}

@article{sucan2012opml,
    Author = {Ioan A. {\c{S}}ucan and Mark Moll and Lydia E. Kavraki},
    Doi = {10.1109/MRA.2012.2205651},
    Journal = {{IEEE} Robotics \& Automation Magazine},
    Month = {December},
    Number = {4},
    Pages = {72--82},
    Title = {The {O}pen {M}otion {P}lanning {L}ibrary},
    Note = {\url{http://ompl.kavrakilab.org}},
    Volume = {19},
    Year = {2012}
}


